<record><leader>00000cas a22000007a 4500</leader><controlfield tag="001">31719339</controlfield><controlfield tag="008">941220d18581858mauer ne      0   a0eng d</controlfield><datafield ind1=" " ind2=" " tag="010"><subfield code="a">sn 96031948 </subfield></datafield><datafield ind1=" " ind2=" " tag="040"><subfield code="a">DLM</subfield><subfield code="b">eng</subfield><subfield code="c">DLM</subfield><subfield code="d">HUL</subfield><subfield code="d">OCL</subfield><subfield code="d">OCLCQ</subfield><subfield code="d">OCLCF</subfield><subfield code="d">OCLCO</subfield></datafield><datafield ind1=" " ind2=" " tag="012"><subfield code="i">9607</subfield></datafield><datafield ind1=" " ind2=" " tag="042"><subfield code="a">msc</subfield></datafield><datafield ind1=" " ind2=" " tag="043"><subfield code="a">n-us-ma</subfield></datafield><datafield ind1=" " ind2=" " tag="090"><subfield code="a">AP2</subfield><subfield code="b">.B965</subfield></datafield><datafield ind1="0" ind2=" " tag="130"><subfield code="a">Excelsior (Boston, Mass. : 1858)</subfield></datafield><datafield ind1="1" ind2="4" tag="245"><subfield code="a">The excelsior.</subfield></datafield><datafield ind1=" " ind2=" " tag="260"><subfield code="a">Boston :</subfield><subfield code="b">S.H. Porter</subfield></datafield><datafield ind1=" " ind2=" " tag="300"><subfield code="a">v.</subfield></datafield><datafield ind1=" " ind2=" " tag="310"><subfield code="a">Biweekly</subfield></datafield><datafield ind1=" " ind2=" " tag="500"><subfield code="a">Editors: W.L. Richardson and G.B. Kettell.</subfield></datafield><datafield ind1=" " ind2=" " tag="530"><subfield code="a">Also issued on microfilm from Spaulding Co., Graphic Microfilm Division.</subfield></datafield><datafield ind1=" " ind2=" " tag="588"><subfield code="a">Description based on: Vol. 1, no. 7 (June 1, 1858); title from caption.</subfield></datafield><datafield ind1=" " ind2=" " tag="588"><subfield code="a">Latest issue consulted: Vol. 1, no. 10 (July 15, 1858).</subfield></datafield><datafield ind1=" " ind2="0" tag="651"><subfield code="a">Boston (Mass.)</subfield><subfield code="v">Newspapers.</subfield></datafield><datafield ind1=" " ind2="7" tag="655"><subfield code="a">Newspapers.</subfield><subfield code="2">fast</subfield><subfield code="0">(OCoLC)fst01423814</subfield></datafield><datafield ind1=" " ind2="7" tag="651"><subfield code="a">Massachusetts</subfield><subfield code="z">Boston.</subfield><subfield code="2">fast</subfield><subfield code="0">(OCoLC)fst01205012</subfield></datafield><datafield ind1="0" ind2="8" tag="776"><subfield code="i">Online version:</subfield><subfield code="t">Excelsior (Boston, Mass. : 1858)</subfield><subfield code="w">(OCoLC)793589026</subfield></datafield><datafield ind1="0" ind2="4" tag="785"><subfield code="t">Young American monthly magazine</subfield><subfield code="w">(OCoLC)1770361</subfield></datafield><datafield ind1=" " ind2=" " tag="850"><subfield code="a">MH</subfield></datafield></record>